[gd_scene load_steps=6 format=3 uid="uid://cr4ebd6bjqpv5"]

[ext_resource type="Script" path="res://scripts/gameplay/house/house_interior.gd" id="1_cvstk"]
[ext_resource type="Script" path="res://scripts/architecture/services/persistentce/persistence/location_persistency.gd" id="1_nun62"]
[ext_resource type="PackedScene" uid="uid://c57f1lpf5i0ur" path="res://prefabs/gameplay/houses/door.tscn" id="2_3jeq2"]

[sub_resource type="RectangleShape2D" id="RectangleShape2D_pk8jy"]
size = Vector2(645, 21)

[sub_resource type="RectangleShape2D" id="RectangleShape2D_bubp8"]
size = Vector2(15.5, 403.5)

[node name="HouseInterrior" type="Node2D" node_paths=PackedStringArray("_door")]
script = ExtResource("1_cvstk")
_door = NodePath("Door")

[node name="LocationPersistency" type="Node" parent="." node_paths=PackedStringArray("_doors") groups=["persistent"]]
script = ExtResource("1_nun62")
_doors = [NodePath("../Door")]

[node name="Door" parent="." instance=ExtResource("2_3jeq2")]
position = Vector2(0, 4)
state = 2

[node name="Boundaries" type="StaticBody2D" parent="."]

[node name="3" type="CollisionShape2D" parent="Boundaries"]
position = Vector2(-0.75, -193)
shape = SubResource("RectangleShape2D_pk8jy")
debug_color = Color(0.313726, 0.494118, 1, 0.419608)

[node name="4" type="CollisionShape2D" parent="Boundaries"]
position = Vector2(-0.25, 189.5)
shape = SubResource("RectangleShape2D_pk8jy")
debug_color = Color(0.313726, 0.494118, 1, 0.419608)

[node name="5" type="CollisionShape2D" parent="Boundaries"]
position = Vector2(-315, -1.75)
shape = SubResource("RectangleShape2D_bubp8")
debug_color = Color(0.313726, 0.494118, 1, 0.419608)

[node name="6" type="CollisionShape2D" parent="Boundaries"]
position = Vector2(313.75, -1.5)
shape = SubResource("RectangleShape2D_bubp8")
debug_color = Color(0.313726, 0.494118, 1, 0.419608)
